joanna@Sparrow.local.207